<record><leader>00000cas a22000007a 4500</leader><controlfield tag="001">30340625</controlfield><controlfield tag="008">940427d190019uucauwr ne      0    0eng d</controlfield><datafield ind1=" " ind2=" " tag="010"><subfield code="a">sn 94051146 </subfield></datafield><datafield ind1=" " ind2=" " tag="040"><subfield code="a">CNK</subfield><subfield code="b">eng</subfield><subfield code="c">CNK</subfield><subfield code="d">OCLCQ</subfield></datafield><datafield ind1=" " ind2=" " tag="042"><subfield code="a">msc</subfield></datafield><datafield ind1=" " ind2=" " tag="043"><subfield code="a">n-us-ca</subfield></datafield><datafield ind1="0" ind2=" " tag="130"><subfield code="a">Point Richmond record (Point Richmond, Calif. : Weekly)</subfield></datafield><datafield ind1="1" ind2="0" tag="245"><subfield code="a">Point Richmond record.</subfield></datafield><datafield ind1=" " ind2=" " tag="260"><subfield code="a">Point Richmond, Calif. :</subfield><subfield code="b">Lyman Naugle</subfield></datafield><datafield ind1=" " ind2=" " tag="300"><subfield code="a">v.</subfield></datafield><datafield ind1=" " ind2=" " tag="310"><subfield code="a">Weekly</subfield></datafield><datafield ind1="0" ind2=" " tag="362"><subfield code="a">Vol. 1, no. 1 (July 7, 1900)-</subfield></datafield><datafield ind1=" " ind2="0" tag="651"><subfield code="a">Point Richmond (Richmond, Calif.)</subfield><subfield code="v">Newspapers.</subfield></datafield><datafield ind1=" " ind2=" " tag="752"><subfield code="a">United States</subfield><subfield code="b">California</subfield><subfield code="c">Contra Costa</subfield><subfield code="d">Richmond.</subfield></datafield><datafield ind1="0" ind2=" " tag="775"><subfield code="t">Richmond daily record</subfield><subfield code="w">(DLC)sn 93051444</subfield></datafield><datafield ind1="0" ind2=" " tag="775"><subfield code="t">Point Richmond record</subfield><subfield code="w">(DLC)sn 93051445</subfield></datafield><datafield ind1="0" ind2=" " tag="775"><subfield code="t">Point Richmond daily record</subfield><subfield code="w">(DLC)sn 93051446</subfield></datafield><datafield ind1="1" ind2=" " tag="029"><subfield code="a">AU@</subfield><subfield code="b">000025860043</subfield></datafield></record>